@article{hsu2021multiple,
  title={Multiple time-series convolutional neural network for fault detection and diagnosis and empirical study in semiconductor manufacturing},
  author={Hsu, Chia-Yu and Liu, Wei-Chen},
  journal={Journal of Intelligent Manufacturing},
  volume={32},
  pages={823--836},
  year={2021},
  publisher={Springer}
}

@article{gundersen2020binary,
  title={Binary time series classification with bayesian convolutional neural networks when monitoring for marine gas discharges},
  author={Gundersen, Kristian and Alendal, Guttorm and Oleynik, Anna and Blaser, Nello},
  journal={Algorithms},
  volume={13},
  number={6},
  pages={145},
  year={2020},
  publisher={MDPI}
}

@article{susto2018time,
  title={Time-series classification methods: Review and applications to power systems data},
  author={Susto, Gian Antonio and Cenedese, Angelo and Terzi, Matteo},
  journal={Big data application in power systems},
  pages={179--220},
  year={2018},
  publisher={Elsevier}
}

@article{majumdar2020clustering,
  title={Clustering and classification of time series using topological data analysis with applications to finance},
  author={Majumdar, Sourav and Laha, Arnab Kumar},
  journal={Expert Systems with Applications},
  volume={162},
  pages={113868},
  year={2020},
  publisher={Elsevier}
}

@article{wang2022multihead,
  title={A multihead convlstm for time series classification in ehealth industry 4.0},
  author={Wang, Yilin and Sun, Le and Peng, Dandan},
  journal={Wireless Communications and Mobile Computing},
  volume={2022},
  year={2022},
  publisher={Hindawi}
}

@article{phm, 
    author = {Prognostics and Health Management Society},
    title = {Prognostics and Health Management Society},
    year = 2023,
    url = {https://phmsociety.org/},
    urldate = {2023-01-23},
    note = {Accessed: $urldate$}
}

@article{bagnall2017great,
  title={The great time series classification bake off: a review and experimental evaluation of recent algorithmic advances},
  author={Bagnall, Anthony and Lines, Jason and Bostrom, Aaron and Large, James and Keogh, Eamonn},
  journal={Data mining and knowledge discovery},
  volume={31},
  pages={606--660},
  year={2017},
  publisher={Springer}
}

@article{stefan2012move,
  title={The move-split-merge metric for time series},
  author={Stefan, Alexandra and Athitsos, Vassilis and Das, Gautam},
  journal={IEEE transactions on Knowledge and Data Engineering},
  volume={25},
  number={6},
  pages={1425--1438},
  year={2012},
  publisher={IEEE}
}

@article{vlachos2006indexing,
  title={Indexing multidimensional time-series},
  author={Vlachos, Michail and Hadjieleftheriou, Marios and Gunopulos, Dimitrios and Keogh, Eamonn},
  journal={The VLDB Journal},
  volume={15},
  pages={1--20},
  year={2006},
  publisher={Springer}
}

@article{abanda2019review,
  title={A review on distance based time series classification},
  author={Abanda, Amaia and Mori, Usue and Lozano, Jose A},
  journal={Data Mining and Knowledge Discovery},
  volume={33},
  number={2},
  pages={378--412},
  year={2019},
  publisher={Springer}
}


@article{breiman2001random,
  title={Random forests},
  author={Breiman, Leo},
  journal={Machine learning},
  volume={45},
  pages={5--32},
  year={2001},
  publisher={Springer}
}

@article{deng2013time,
  title={A time series forest for classification and feature extraction},
  author={Deng, Houtao and Runger, George and Tuv, Eugene and Vladimir, Martyanov},
  journal={Information Sciences},
  volume={239},
  pages={142--153},
  year={2013},
  publisher={Elsevier}
}

@article{baydogan2013bag,
  title={A bag-of-features framework to classify time series},
  author={Baydogan, Mustafa Gokce and Runger, George and Tuv, Eugene},
  journal={IEEE transactions on pattern analysis and machine intelligence},
  volume={35},
  number={11},
  pages={2796--2802},
  year={2013},
  publisher={IEEE}
}

@article{lucas2019proximity,
  title={Proximity forest: an effective and scalable distance-based classifier for time series},
  author={Lucas, Benjamin and Shifaz, Ahmed and Pelletier, Charlotte and Oâ€™Neill, Lachlan and Zaidi, Nayyar and Goethals, Bart and Petitjean, Fran{\c{c}}ois and Webb, Geoffrey I},
  journal={Data Mining and Knowledge Discovery},
  volume={33},
  number={3},
  pages={607--635},
  year={2019},
  publisher={Springer}
}

@article{shifaz2020ts,
  title={TS-CHIEF: a scalable and accurate forest algorithm for time series classification},
  author={Shifaz, Ahmed and Pelletier, Charlotte and Petitjean, Fran{\c{c}}ois and Webb, Geoffrey I},
  journal={Data Mining and Knowledge Discovery},
  volume={34},
  number={3},
  pages={742--775},
  year={2020},
  publisher={Springer}
}

@article{bagnall2015time,
  title={Time-series classification with COTE: the collective of transformation-based ensembles},
  author={Bagnall, Anthony and Lines, Jason and Hills, Jon and Bostrom, Aaron},
  journal={IEEE Transactions on Knowledge and Data Engineering},
  volume={27},
  number={9},
  pages={2522--2535},
  year={2015},
  publisher={IEEE}
}

@article{eckmann1995recurrence,
  title={Recurrence plots of dynamical systems},
  author={Eckmann, Jean-Pierre and Kamphorst, S Oliffson and Ruelle, David and others},
  journal={World Scientific Series on Nonlinear Science Series A},
  volume={16},
  pages={441--446},
  year={1995},
  publisher={WORLD SCIENTIFIC PUBLISHING}
}

@inproceedings{wang2015encoding,
  title={Encoding time series as images for visual inspection and classification using tiled convolutional neural networks},
  author={Wang, Zhiguang and Oates, Tim and others},
  booktitle={Workshops at the twenty-ninth AAAI conference on artificial intelligence},
  volume={1},
  year={2015},
  organization={AAAI Menlo Park, CA, USA}
}

@inproceedings{wang2017time,
  title={Time series classification from scratch with deep neural networks: A strong baseline},
  author={Wang, Zhiguang and Yan, Weizhong and Oates, Tim},
  booktitle={2017 International joint conference on neural networks (IJCNN)},
  pages={1578--1585},
  year={2017},
  organization={IEEE}
}

@article{ismail2019deep,
  title={Deep learning for time series classification: a review},
  author={Ismail Fawaz, Hassan and Forestier, Germain and Weber, Jonathan and Idoumghar, Lhassane and Muller, Pierre-Alain},
  journal={Data mining and knowledge discovery},
  volume={33},
  number={4},
  pages={917--963},
  year={2019},
  publisher={Springer}
}

@article{floridi2020gpt,
  title={GPT-3: Its nature, scope, limits, and consequences},
  author={Floridi, Luciano and Chiriatti, Massimo},
  journal={Minds and Machines},
  volume={30},
  pages={681--694},
  year={2020},
  publisher={Springer}
}

@article{dempster2020rocket,
  title={ROCKET: exceptionally fast and accurate time series classification using random convolutional kernels},
  author={Dempster, Angus and Petitjean, Fran{\c{c}}ois and Webb, Geoffrey I},
  journal={Data Mining and Knowledge Discovery},
  volume={34},
  number={5},
  pages={1454--1495},
  year={2020},
  publisher={Springer}
}


@article{lines2018time,
  title={Time series classification with HIVE-COTE: The hierarchical vote collective of transformation-based ensembles},
  author={Lines, Jason and Taylor, Sarah and Bagnall, Anthony},
  journal={ACM transactions on knowledge discovery from data},
  volume={12},
  number={5},
  year={2018}
}

@article{jakobsson2022time,
  title={Time Series Fault Classification for Wave Propagation Systems with Sparse Fault Data},
  author={Jakobsson, Erik and Frisk, Erik and Krysander, Mattias and Pettersson, Robert},
  journal={arXiv preprint arXiv:2203.16121},
  year={2022}
}

@article{jakobsson2022dataset,
  title={A Dataset for Fault Classification in Rock Drills, a Fast Oscillating Hydraulic System},
  author={Jakobsson, Erik and Frisk, Erik and Krysander, Mattias and Pettersson, Robert},
  booktitle={Annual Conference of the PHM Society},
  volume={14},
  number={1},
  year={2022}
}

@inproceedings{martinez2022closed,
  title={Closed-Form Diffeomorphic Transformations for Time Series Alignment},
  author={Martinez, I{\~n}igo and Viles, Elisabeth and Olaizola, Igor G},
  booktitle={International Conference on Machine Learning},
  pages={15122--15158},
  year={2022},
  organization={PMLR}
}

@article{marteau2008time,
  title={Time warp edit distance},
  author={Marteau, Pierre-Fran{\c{c}}ois},
  journal={arXiv preprint arXiv:0802.3522},
  year={2008}
}


@inproceedings{cuturi2017soft,
  title={Soft-dtw: a differentiable loss function for time-series},
  author={Cuturi, Marco and Blondel, Mathieu},
  booktitle={International Conference on Machine Learning},
  pages={894--903},
  year={2017},
  organization={PMLR}
}

@inproceedings{keogh2001derivative,
  title={Derivative dynamic time warping},
  author={Keogh, Eamonn J and Pazzani, Michael J},
  booktitle={Proceedings of the 2001 SIAM international conference on data mining},
  pages={1--11},
  year={2001},
  organization={SIAM}
}

@article{paparrizos2017fast,
  title={Fast and accurate time-series clustering},
  author={Paparrizos, John and Gravano, Luis},
  journal={ACM Transactions on Database Systems (TODS)},
  volume={42},
  number={2},
  pages={1--49},
  year={2017},
  publisher={ACM New York, NY, USA}
}

@inproceedings{vlachos2002discovering,
  title={Discovering similar multidimensional trajectories},
  author={Vlachos, Michail and Kollios, George and Gunopulos, Dimitrios},
  booktitle={Proceedings 18th international conference on data engineering},
  pages={673--684},
  year={2002},
  organization={IEEE}
}

@inproceedings{cuturi2011fast,
  title={Fast global alignment kernels},
  author={Cuturi, Marco},
  booktitle={Proceedings of the 28th international conference on machine learning (ICML-11)},
  pages={929--936},
  year={2011}
}

@article{lin2012rotation,
  title={Rotation-invariant similarity in time series using bag-of-patterns representation},
  author={Lin, Jessica and Khade, Rohan and Li, Yuan},
  journal={Journal of Intelligent Information Systems},
  volume={39},
  number={2},
  pages={287--315},
  year={2012},
  publisher={Springer}
}

@inproceedings{lin2003symbolic,
  title={A symbolic representation of time series, with implications for streaming algorithms},
  author={Lin, Jessica and Keogh, Eamonn and Lonardi, Stefano and Chiu, Bill},
  booktitle={Proceedings of the 8th ACM SIGMOD workshop on Research issues in data mining and knowledge discovery},
  pages={2--11},
  year={2003}
}

@inproceedings{senin2013sax,
  title={Sax-vsm: Interpretable time series classification using sax and vector space model},
  author={Senin, Pavel and Malinchik, Sergey},
  booktitle={2013 IEEE 13th international conference on data mining},
  pages={1175--1180},
  year={2013},
  organization={IEEE}
}

@inproceedings{schafer2012sfa,
  title={SFA: a symbolic fourier approximation and index for similarity search in high dimensional datasets},
  author={Sch{\"a}fer, Patrick and H{\"o}gqvist, Mikael},
  booktitle={Proceedings of the 15th international conference on extending database technology},
  pages={516--527},
  year={2012}
}

@article{schafer2015boss,
  title={The BOSS is concerned with time series classification in the presence of noise},
  author={Sch{\"a}fer, Patrick},
  journal={Data Mining and Knowledge Discovery},
  volume={29},
  number={6},
  pages={1505--1530},
  year={2015},
  publisher={Springer}
}

@article{fawaz2019deep,
  title={Deep learning for time series classification: a review},
  author={Fawaz, Hassan Ismail and Forestier, Germain and Weber, Jonathan and Idoumghar, Lhassane and Muller, Pierre-Alain},
  journal={Data mining and knowledge discovery},
  volume={33},
  number={4},
  pages={917--963},
  year={2019},
  publisher={Springer}
}

@article{kingma2014adam,
  title={Adam: A method for stochastic optimization},
  author={Kingma, Diederik P and Ba, Jimmy},
  journal={arXiv preprint arXiv:1412.6980},
  year={2014}
}

@inproceedings{glorot2010understanding,
  title={Understanding the difficulty of training deep feedforward neural networks},
  author={Glorot, Xavier and Bengio, Yoshua},
  booktitle={Proceedings of the thirteenth international conference on artificial intelligence and statistics},
  pages={249--256},
  year={2010},
  organization={JMLR Workshop and Conference Proceedings}
}



